

@TechReport{ISO27001:2013,
  Title                    = {{Information technology -- Security techniques -- Information security management systems -- Requirements}},
  Author                   = {{ISO/IEC 27001}},
  Institution              = {International Organization for Standardization},
  Year                     = {2013},

  Address                  = {Geneva, CH},
  Month                    = oct,
  Type                     = {Standard},

  Key                      = {ISO/IEC 27001:2013},
  Volume                   = {2}
}


@TechReport{ISO27002:2013,
  Title                    = {{Information technology -- Security techniques -- Code of practice for information security controls}},
  Author                   = {{ISO/IEC 27002}},
  Institution              = {International Organization for Standardization},
  Year                     = {2013},

  Address                  = {Geneva, CH},
  Month                    = oct,
  Type                     = {Standard},

  Key                      = {ISO/IEC 27002:2013},
  Volume                   = {2}
}